
@article{balasubramanian_brain_2021,
	title = {Brain power},
	volume = {118},
	issn = {0027-8424},
	url = {https://www.ncbi.nlm.nih.gov/pmc/articles/PMC8364152/},
	doi = {10.1073/pnas.2107022118},
	pages = {e2107022118},
	number = {32},
	journaltitle = {Proceedings of the National Academy of Sciences of the United States of America},
	shortjournal = {Proc Natl Acad Sci U S A},
	author = {Balasubramanian, Vijay},
	urldate = {2025-04-03},
	date = {2021-08-10},
	pmid = {34341108},
	pmcid = {PMC8364152},
	file = {PubMed Central Full Text PDF:/Users/daniel/Zotero/storage/9XGTX427/Balasubramanian - 2021 - Brain power.pdf:application/pdf},
}
