
@misc{unsplash_beautiful_2018,
  title    = {Beautiful {Free} {Images} \& {Pictures} {\textbackslash}textbar {Unsplash}},
  url      = {https://unsplash.com},
  abstract = {Beautiful, free images and photos that you can download and use for any project. Better than any royalty free or stock photos.},
  language = {en},
  urldate  = {2022-11-19},
  author   = {{Unsplash}},
  year     = {2018},
  note     = {Publication Title: Unsplash},
  file     = {Snapshot:/Users/daniel/Zotero/storage/SLP44TPR/unsplash.com.html:text/html}
}

@misc{npr_home_nodate,
  title    = {Home {Page} {Top} {Stories}},
  url      = {https://www.npr.org},
  abstract = {Top stories in the U.S. and world news, politics, health, science, business, music, arts and culture. Nonprofit journalism with a mission. This is NPR.},
  language = {en},
  urldate  = {2022-11-19},
  author   = {{NPR}},
  note     = {Publication Title: NPR.org},
  file     = {Snapshot:/Users/daniel/Zotero/storage/MRHYMNJD/www.npr.org.html:text/html}
}

@misc{eich_asmjs_2015,
  title      = {From {ASM}.{JS} to {WebAssembly} – {Brendan} {Eich}},
  shorttitle = {From {ASM}.{JS} to {WebAssembly}},
  url        = {https://brendaneich.com/2015/06/from-asm-js-to-webassembly},
  urldate    = {2022-12-11},
  author     = {Eich, Brendan},
  month      = jun,
  year       = {2015},
  file       = {From ASM.JS to WebAssembly – Brendan Eich:/Users/daniel/Zotero/storage/KCU9XQ9Z/from-asm-js-to-webassembly.html:text/html}
}

@misc{cassel_brendan_2018,
  title    = {Brendan {Eich} on {Creating} {JavaScript} in 10 {Days}, and {What} {He}'d {Do} {Differently} {Today}},
  url      = {https://thenewstack.io/brendan-eich-on-creating-javascript-in-10-days-and-what-hed-do-differently-today},
  abstract = {Millions of developers use a programming language today that was created in just 10 days during the hustle and bustle},
  language = {en-US},
  urldate  = {2022-12-11},
  author   = {Cassel, David},
  month    = aug,
  year     = {2018},
  note     = {Publication Title: The New Stack}
}

@article{severance_javascript_2012,
  title      = {{JavaScript}: {Designing} a {Language} in 10 {Days}},
  volume     = {45},
  issn       = {0018-9162},
  shorttitle = {{JavaScript}},
  url        = {https://www.computer.org/csdl/magazine/co/2012/02/mco2012020007/13rRUy08MzA},
  doi        = {10.1109/MC.2012.57},
  abstract   = {The evolution and use of JavaScript, a language developed in 10 days back in 1995, is really just getting started. The featured Web extra is a video interview with Mozilla's Chief Technology Officer (and JavaScript's creator), Brendan Eich.},
  language   = {English},
  number     = {02},
  urldate    = {2022-12-11},
  journal    = {Computer},
  author     = {Severance, Charles},
  month      = feb,
  year       = {2012},
  pages      = {7--8},
  annote     = {Publisher: IEEE Computer Society},
  file       = {Full Text PDF:/Users/daniel/Zotero/storage/HXMXPHTV/Severance - 2012 - JavaScript Designing a Language in 10 Days.pdf:application/pdf}
}

@misc{inc_how_2018,
  title   = {How well do you know your npm trivia?},
  url     = {https://jaxenter.com/npm-trivia-144846},
  urldate = {2022-12-11},
  author  = {Inc, npm},
  year    = {2018},
  note    = {Publication Title: Jaxcenter}
}

@misc{atwood_principle_2007,
  title   = {The {Principle} of {Least} {Power}},
  url     = {https://blog.codinghorror.com/the-principle-of-least-power},
  urldate = {2022-12-11},
  author  = {Atwood, Jeff},
  month   = jul,
  year    = {2007},
  note    = {Publication Title: Coding Horror},
  file    = {The Principle of Least Power:/Users/daniel/Zotero/storage/2Q55DH4L/the-principle-of-least-power.html:text/html}
}

@misc{might_what_2011,
  title   = {What every computer science major should know},
  url     = {https://matt.might.net/articles/what-cs-majors-should-know},
  urldate = {2022-12-11},
  author  = {Might, Matt},
  year    = {2011},
  note    = {Publication Title: Matt Might Blog},
  file    = {What every computer science major should know:/Users/daniel/Zotero/storage/KHCLDGXC/what-cs-majors-should-know.html:text/html}
}

@book{rourke_learn_2018,
  title      = {Learn {WebAssembly}: {Build} web applications with native performance using {Wasm} and {C}/{C}++},
  isbn       = {978-1-78899-737-9},
  shorttitle = {Learn {WebAssembly}},
  language   = {English},
  publisher  = {Packt Publishing},
  author     = {Rourke, Mike},
  month      = sep,
  year       = {2018}
}

@misc{aboukhalil_how_2019,
  title    = {How {We} {Used} {WebAssembly} {To} {Speed} {Up} {Our} {Web} {App} {By} {20X} ({Case} {Study})},
  url      = {https://www.smashingmagazine.com/2019/04/webassembly-speed-web-app},
  abstract = {In this article, we explore how we can speed up web applications by replacing slow JavaScript calculations with compiled WebAssembly.},
  language = {en},
  urldate  = {2022-12-11},
  author   = {Aboukhalil, Robert},
  year     = {2019},
  note     = {Publication Title: Smashing Magazine},
  annote   = {Section: General},
  file     = {Snapshot:/Users/daniel/Zotero/storage/U5ZIPTQB/webassembly-speed-web-app.html:text/html}
}

@misc{logrocket_logrocket_nodate,
  title    = {{LogRocket} {Blog}},
  url      = {https://blog.logrocket.com/},
  abstract = {For Frontend Developers and Web App Engineers},
  language = {en-US},
  urldate  = {2022-12-11},
  author   = {{LogRocket}},
  note     = {Publication Title: LogRocket Blog},
  file     = {Snapshot:/Users/daniel/Zotero/storage/XSQ6NXQY/blog.logrocket.com.html:text/html}
}

@misc{google_google_nodate,
  title    = {Google {Trends}},
  url      = {https://trends.google.com/trends/explore?date=all&q=%2Fm%2F0bbxf89,%2Fg%2F11h03gfxy9&hl=en-GB},
  abstract = {Explore search interest for Node.js by time, location and popularity on Google Trends},
  language = {en-GB},
  urldate  = {2023-06-28},
  journal  = {Google Trends},
  author   = {Google}
}
