
@misc{unsplash_beautiful_2018,
  title    = {Beautiful {Free} {Images} \& {Pictures} {\textbar} {Unsplash}},
  url      = {https://unsplash.com},
  abstract = {Beautiful, free images and photos that you can download and use for any project. Better than any royalty free or stock photos.},
  language = {en},
  urldate  = {2022-11-19},
  journal  = {Unsplash},
  author   = {Unsplash},
  year     = {2018},
  file     = {Snapshot:/Users/daniel/Zotero/storage/JC97SQRL/unsplash.com.html:text/html}
}

@misc{npr_home_nodate,
  title    = {Home {Page} {Top} {Stories}},
  url      = {https://www.npr.org},
  abstract = {Top stories in the U.S. and world news, politics, health, science, business, music, arts and culture. Nonprofit journalism with a mission. This is NPR.},
  language = {en},
  urldate  = {2022-11-19},
  journal  = {NPR.org},
  author   = {NPR},
  file     = {Snapshot:/Users/daniel/Zotero/storage/UZMNUPVH/www.npr.org.html:text/html}
}
